<?xml version="1.0" encoding="UTF-8"?><marc:record xmlns:marc="http://www.loc.gov/MARC21/slim" xmlns:xsi="http://www.w3.org/2001/XMLSchema-instance" xsi:schemaLocation="http://www.loc.gov/MARC21/slim http://www.loc.gov/standards/marcxml/schema/MARC21slim.xsd"><marc:leader>00878nim a22002657a 4500</marc:leader><marc:controlfield tag="001">1307125</marc:controlfield><marc:controlfield tag="003">NL-AMISG</marc:controlfield><marc:controlfield tag="005">20100203132952.0</marc:controlfield><marc:controlfield tag="008">201002suuuuuuuuxx                  dut d</marc:controlfield><marc:datafield ind1=" " ind2=" " tag="035"><marc:subfield code="a">(IISG)IISGb11082383</marc:subfield></marc:datafield><marc:datafield ind1=" " ind2=" " tag="040"><marc:subfield code="a">NL-AmISG</marc:subfield></marc:datafield><marc:datafield ind1="1" ind2=" " tag="100"><marc:subfield code="a">Scheygrond, Willem.</marc:subfield><marc:subfield code="0">(NL-AMISG)562818</marc:subfield></marc:datafield><marc:datafield ind1="1" ind2="0" tag="245"><marc:subfield code="a">Willem S. 17/8/83.</marc:subfield><marc:subfield code="k">Geluidsdocument = Sound document.</marc:subfield></marc:datafield><marc:datafield ind1=" " ind2=" " tag="260"><marc:subfield code="c">1983, 17 augustus</marc:subfield></marc:datafield><marc:datafield ind1=" " ind2=" " tag="300"><marc:subfield code="a">46 min.</marc:subfield></marc:datafield><marc:datafield ind1=" " ind2=" " tag="500"><marc:subfield code="a">Interview met radio-technicus Scheygrond door F.v.Aurich over de installatie van een studio-set bij Radio Freedom in Madagascar in de zomer van 1983.</marc:subfield></marc:datafield><marc:datafield ind1="2" ind2="4" tag="610"><marc:subfield code="a">ANC (South Africa).</marc:subfield><marc:subfield code="b">Radio Freedom.</marc:subfield><marc:subfield code="0">(NL-AMISG)558840</marc:subfield></marc:datafield><marc:datafield ind1="2" ind2="4" tag="611"><marc:subfield code="0">(NL-AMISG)2715</marc:subfield><marc:subfield code="a">Actie Zuid-Afrika</marc:subfield><marc:subfield code="d">(1983)</marc:subfield></marc:datafield><marc:datafield ind1=" " ind2="4" tag="648"><marc:subfield code="a">1983-1983</marc:subfield><marc:subfield code="0">(NL-AMISG)2000970</marc:subfield></marc:datafield><marc:datafield ind1=" " ind2="4" tag="650"><marc:subfield code="a">Radio.</marc:subfield><marc:subfield code="0">(NL-AMISG)242824</marc:subfield></marc:datafield><marc:datafield ind1=" " ind2="4" tag="651"><marc:subfield code="a">Netherlands.</marc:subfield><marc:subfield code="0">(NL-AMISG)569282</marc:subfield></marc:datafield><marc:datafield ind1=" " ind2="4" tag="651"><marc:subfield code="a">Madagascar.</marc:subfield><marc:subfield code="0">(NL-AMISG)81857</marc:subfield></marc:datafield><marc:datafield ind1=" " ind2="4" tag="655"><marc:subfield code="a">Audio cassette.</marc:subfield><marc:subfield code="0">(NL-AMISG)108021</marc:subfield></marc:datafield><marc:datafield ind1=" " ind2=" " tag="694"><marc:subfield code="a">NIZA</marc:subfield><marc:subfield code="b">BG GC11/446</marc:subfield></marc:datafield><marc:datafield ind1=" " ind2=" " tag="695"><marc:subfield code="a">NED</marc:subfield><marc:subfield code="e">Nederland</marc:subfield></marc:datafield><marc:datafield ind1=" " ind2=" " tag="695"><marc:subfield code="a">EAF</marc:subfield><marc:subfield code="e">Madagascar</marc:subfield></marc:datafield><marc:datafield ind1="1" ind2=" " tag="700"><marc:subfield code="a">Aurich, Fulco van.</marc:subfield><marc:subfield code="0">(NL-AMISG)438943</marc:subfield></marc:datafield><marc:datafield ind1="2" ind2=" " tag="710"><marc:subfield code="a">Omroep voor Radio Freedom (Amsterdam)</marc:subfield><marc:subfield code="0">(NL-AMISG)531520</marc:subfield></marc:datafield><marc:datafield ind1="2" ind2=" " tag="710"><marc:subfield code="a">Nederlands Instituut voor Zuidelijk Afrika (Amsterdam),</marc:subfield><marc:subfield code="e">collector.</marc:subfield><marc:subfield code="0">(NL-AMISG)573972</marc:subfield></marc:datafield><marc:datafield ind1="4" ind2=" " tag="852"><marc:subfield code="a">IISG</marc:subfield><marc:subfield code="b">IISG</marc:subfield><marc:subfield code="c">IISG</marc:subfield><marc:subfield code="j">BG GC11/446</marc:subfield><marc:subfield code="n">Available</marc:subfield><marc:subfield code="p">N10785103</marc:subfield></marc:datafield><marc:datafield ind1=" " ind2=" " tag="901"><marc:subfield code="a">1307125</marc:subfield><marc:subfield code="b">Unknown</marc:subfield><marc:subfield code="c">1307125</marc:subfield><marc:subfield code="t">biblio</marc:subfield></marc:datafield><marc:datafield ind1=" " ind2=" " tag="902"><marc:subfield code="a">10622/2F12F280-64BF-41AA-B39B-FE84282ECEF3</marc:subfield></marc:datafield></marc:record>